<record><leader>00000cas a2200000 i 4500</leader><controlfield tag="001">870706677</controlfield><controlfield tag="008">140219d18941894wauwr neo     0   a0eng  </controlfield><datafield ind1=" " ind2=" " tag="010"><subfield code="a">  2013271918</subfield></datafield><datafield ind1=" " ind2=" " tag="040"><subfield code="a">DLC</subfield><subfield code="b">eng</subfield><subfield code="e">rda</subfield><subfield code="c">DLC</subfield><subfield code="d">DLC</subfield><subfield code="d">OCLCA</subfield><subfield code="d">OCLCF</subfield></datafield><datafield ind1="0" ind2=" " tag="022"><subfield code="a">2333-8377</subfield><subfield code="2">1</subfield></datafield><datafield ind1=" " ind2=" " tag="042"><subfield code="a">pcc</subfield><subfield code="a">nsdp</subfield></datafield><datafield ind1=" " ind2=" " tag="043"><subfield code="a">n-us-wa</subfield></datafield><datafield ind1="1" ind2="0" tag="050"><subfield code="a">ISSN RECORD</subfield></datafield><datafield ind1="0" ind2="0" tag="082"><subfield code="a">071</subfield><subfield code="2">23</subfield></datafield><datafield ind1="0" ind2=" " tag="130"><subfield code="a">Dawn (Ellensburg, Wash. : 1894 : Online)</subfield></datafield><datafield ind1=" " ind2="4" tag="222"><subfield code="a">The dawn</subfield><subfield code="b">(Ellensburg, Wash. 1894.Online)</subfield></datafield><datafield ind1="1" ind2="4" tag="245"><subfield code="a">The dawn.</subfield></datafield><datafield ind1="1" ind2=" " tag="246"><subfield code="i">Title on publisher's statement:</subfield><subfield code="a">Reformer's dawn</subfield></datafield><datafield ind1=" " ind2=" " tag="250"><subfield code="a">Weekly ed.</subfield></datafield><datafield ind1=" " ind2="1" tag="264"><subfield code="a">Ellensburg, Wash. :</subfield><subfield code="b">The Dawn Publishing Co.,</subfield><subfield code="c">1894.</subfield></datafield><datafield ind1=" " ind2=" " tag="300"><subfield code="a">1 online resource</subfield></datafield><datafield ind1=" " ind2=" " tag="310"><subfield code="a">Weekly</subfield></datafield><datafield ind1=" " ind2=" " tag="336"><subfield code="a">text</subfield><subfield code="b">txt</subfield><subfield code="2">rdacontent</subfield></datafield><datafield ind1=" " ind2=" " tag="337"><subfield code="a">computer</subfield><subfield code="b">c</subfield><subfield code="2">rdamedia</subfield></datafield><datafield ind1=" " ind2=" " tag="338"><subfield code="a">online resource</subfield><subfield code="b">cr</subfield><subfield code="2">rdacarrier</subfield></datafield><datafield ind1="1" ind2=" " tag="362"><subfield code="a">Began and ceased with vol. I, no. 1 (August 4, 1894).</subfield></datafield><datafield ind1=" " ind2=" " tag="500"><subfield code="a">R.A. Turner, editor</subfield></datafield><datafield ind1=" " ind2=" " tag="500"><subfield code="a">"Our motto: Keep in the middle of the road."</subfield></datafield><datafield ind1=" " ind2=" " tag="580"><subfield code="a">Also published in a monthly ed., per publisher's statement.</subfield></datafield><datafield ind1=" " ind2=" " tag="588"><subfield code="a">Description based on: Vol. I, no. I (August 4, 1894); title from masthead (Chroniclingamerica.loc.gov, viewed February 19, 2014).</subfield></datafield><datafield ind1=" " ind2=" " tag="588"><subfield code="a">Latest issue consulted: Vol. I, no. I (August 4, 1894) (Chroniclingamerica.loc.gov, viewed February 19, 2014).</subfield></datafield><datafield ind1=" " ind2="0" tag="651"><subfield code="a">Ellensburg (Wash.)</subfield><subfield code="v">Newspapers.</subfield></datafield><datafield ind1=" " ind2="0" tag="650"><subfield code="a">Populism</subfield><subfield code="z">Washington (State)</subfield><subfield code="v">Newspapers.</subfield></datafield><datafield ind1=" " ind2="7" tag="655"><subfield code="a">Newspapers.</subfield><subfield code="2">fast</subfield><subfield code="0">(OCoLC)fst01423814</subfield></datafield><datafield ind1=" " ind2="7" tag="650"><subfield code="a">Populism.</subfield><subfield code="2">fast</subfield><subfield code="0">(OCoLC)fst01071658</subfield></datafield><datafield ind1=" " ind2="7" tag="651"><subfield code="a">Washington (State)</subfield><subfield code="2">fast</subfield><subfield code="0">(OCoLC)fst01204703</subfield></datafield><datafield ind1=" " ind2="7" tag="651"><subfield code="a">Washington (State)</subfield><subfield code="z">Ellensburg.</subfield><subfield code="2">fast</subfield><subfield code="0">(OCoLC)fst01205216</subfield></datafield><datafield ind1="1" ind2=" " tag="700"><subfield code="a">Turner, Robert A.,</subfield><subfield code="d">1859-1941.</subfield></datafield><datafield ind1=" " ind2=" " tag="752"><subfield code="a">United States</subfield><subfield code="b">Washington</subfield><subfield code="c">Kittitas</subfield><subfield code="d">Ellensburg.</subfield></datafield><datafield ind1="0" ind2="8" tag="776"><subfield code="i">Originally issued in print:</subfield><subfield code="t">Dawn (Ellensburg, Wash. : 1894)</subfield><subfield code="x">2333-8369</subfield><subfield code="w">(DLC)sn 88085011</subfield><subfield code="w">(OCoLC)17308839</subfield></datafield><datafield ind1="0" ind2="0" tag="780"><subfield code="t">Reformer's dawn (Online)</subfield></datafield><datafield ind1="0" ind2="0" tag="785"><subfield code="t">Weekly dawn (Online)</subfield></datafield><datafield ind1="4" ind2="0" tag="856"><subfield code="u">http://www.loc.gov/chroniclingamerica/lccn/sn88085011/issues</subfield></datafield></record>